<?xml version="1.0" encoding="UTF-8"?><collection xmlns="http://www.loc.gov/MARC21/slim"><record><leader>00456nam--2200169-i-4500</leader><controlfield tag="001">000048072</controlfield><controlfield tag="002">20161230</controlfield><controlfield tag="005">20161230201046</controlfield><controlfield tag="008">060222s1000------------r-----000-0-eng-d</controlfield><datafield ind1=" " ind2=" " tag="040"><subfield code="a">IFIN-HH</subfield></datafield><datafield ind1=" " ind2=" " tag="080"><subfield code="a">52</subfield></datafield><datafield ind1="1" ind2=" " tag="100"><subfield code="a">Zombeck, Martin V</subfield></datafield><datafield ind1="1" ind2="0" tag="245"><subfield code="a">Handbook of space astronomy and astrophysics</subfield><subfield code="c">Martin v. zombeck</subfield></datafield><datafield ind1=" " ind2=" " tag="260"><subfield code="a">Cambridge</subfield><subfield code="b">Cambridge University Press</subfield><subfield code="c">1982</subfield></datafield><datafield ind1=" " ind2=" " tag="300"><subfield code="a">326P</subfield></datafield><datafield ind1=" " ind2=" " tag="852"><subfield code="a">72482</subfield><subfield code="c">521/522</subfield></datafield><datafield ind1=" " ind2=" " tag="CAT"><subfield code="a">Sys</subfield><subfield code="c">20130827</subfield><subfield code="h">113235</subfield></datafield></record></collection>